% the terms like handout and texTemp are the unique identifiers you use to cite the item in your paper

